@book{Brassard,
 author = {Brassard, Gilles and Bratley, Paul},
 title = {Fundamentals of Algorithmics},
 year = {1996},
 isbn = {0-13-335068-1},
 publisher = {Prentice-Hall, Inc.},
 address = {Upper Saddle River, NJ, USA},
}
